@article{Serre87,
    ajournal={Duke Math. J.},
    author={Serre, Jean-Pierre},
    doi={10.1215/S0012-7094-87-05413-5},
    journal={Duke Mathematical Journal},
    number={1},
    pages={179-230},
    publisher={Duke University Press},
    title={Sur les repr\'esentations modulaires de degr\'e $2$ de {$\mathrm{Gal}(\overline{\mathbf{Q}}/\mathbf{Q})$}},
    url={http://dx.doi.org/10.1215/S0012-7094-87-05413-5},
    volume={54},
    year={1987},
}

@incollection{Edixhoven,
    year={1997},
    isbn={978-0-387-98998-3},
    booktitle={Modular Forms and Fermat's Last Theorem},
    editor={Cornell, Gary and Silverman, Joseph H. and Stevens, Glenn},
    doi={10.1007/978-1-4612-1974-3_7},
    title={Serre's Conjecture},
    url={http://dx.doi.org/10.1007/978-1-4612-1974-3_7},
    publisher={Springer New York},
    author={Edixhoven, Bas},
    pages={209-242},
    language={English},
}

@incollection{RibetStein,
    year={1999},
    author={Ribet, Kenneth A. and Stein, William A.},
    booktitle={Arithmetic Algebraic Geometry},
    editor={Conrad, B.D. and Rubin, K.},
    isbn={9780821886915},
    language={English},
    pages={143-232},
    publisher={American Mathematical Soc.},
    series={IAS Park City mathematics series: Institute for Advanced Study},
    title={Lectures on {S}erre's conjectures},
    url={https://books.google.co.uk/books?id=PgHjLgIVidgC},
}

@unpublished{Cais,
    title={Serre's Conjectures},
    author={Cais, Bryden},
    note={\url{http://math.arizona.edu/~cais/Papers/Expos/Serre05.pdf}},
    month={November},
    year={2009},
}

@unpublished{Ghitza,
    title={On the two-dimensional modular representations of {$\mathrm{Gal}(\overline{\mathbf{Q}}/\mathbf{Q})$} (translation)},
    author={Ghitza, Alex},
    note={\url{http://www.ms.unimelb.edu.au/~aghitza/nuts/serre.pdf}},
}

@article{DeligneSerre,
	author={Deligne, Pierre and Serre, Jean-Pierre},
	journal={Annales scientifiques de l'École Normale Supérieure},
	language={fre},
	number={4},
	pages={507-530},
	publisher={Soci\'et\'e math\'ematique de France},
	title={Formes modulaires de poids $1$},
	url={http://eudml.org/doc/81946},
	volume={7},
	year={1974},
}

@article{Deligne,
	author={Deligne, Pierre},
	journal={S\'eminaire Bourbaki},
	language={fre},
	pages={139-172},
	publisher={Springer-Verlag},
	title={Formes modulaires et repr\'esentations $\ell$-adiques},
	url={http://eudml.org/doc/109756},
	volume={11},
	year={1968-1969},
}

@article{Gross,
    title={A tameness criterion for Galois representations associated to modular forms (mod $p$)},
    author={Gross, Benedict H},
    journal={Duke Mathematical Journal},
    ajournal={Duke Math. J.},
    volume={61},
    number={2},
    pages={445--517},
    year={1990},
    publisher={Duke University Press}
}

@inproceedings{Darmon,
    title={Serre's conjectures},
    author={Darmon, Henri},
    booktitle={Seminar on Fermat's Last Theorem: 1993-1994, the Fields Institute for Research in the Mathematical Sciences, Toronto, Ontario, Canada},
    volume={17},
    pages={135--153},
    year={1995},
    editor={Vijaya Kumar Murty},
    isbn={9780821803134},
    lccn={95036469},
    series={CMS conference proceedings},
    url={https://books.google.co.uk/books?id=m1Pe7XK1e5MC},
    publisher={American Mathematical Society}
}

@article{Serre75,
  title={Valeurs propres des op{\'e}rateurs de {H}ecke modulo $\ell$},
  author={Serre, Jean-Pierre},
  journal={Ast{\'e}risque},
  volume={24},
  number={25},
  pages={109--117},
  year={1975}
}

@article{KWI,
  title={Serre's modularity conjecture ({I})},
  author={Khare, Chandrashekhar and Wintenberger, Jean-Pierre},
  journal={Inventiones mathematicae},
  volume={178},
  number={3},
  pages={485--504},
  year={2009},
  publisher={Springer}
}

@article{KWII,
  title={Serre's modularity conjecture ({II})},
  author={Khare, Chandrashekhar and Wintenberger, Jean-Pierre},
  journal={Inventiones mathematicae},
  volume={178},
  number={3},
  pages={505--586},
  year={2009},
  publisher={Springer}
}

@article{Kisin,
  title={Modularity of 2-adic {B}arsotti-{T}ate representations},
  author={Kisin, Mark},
  journal={Inventiones mathematicae},
  volume={178},
  number={3},
  pages={587--634},
  year={2009},
  publisher={Springer}
}